<?xml version="1.0" encoding="UTF-8"?><collection xmlns="http://www.loc.gov/MARC21/slim"><record><leader>00354nam--2200121-i-4500</leader><controlfield tag="001">000002482</controlfield><controlfield tag="002">20161230</controlfield><controlfield tag="005">20161230201025</controlfield><controlfield tag="008">060222s1000------------r-----000-0-eng-d</controlfield><datafield ind1=" " ind2=" " tag="080"><subfield code="a">061.62(047:498):001.818(061.62:498)</subfield></datafield><datafield ind1=" " ind2=" " tag="245"><subfield code="a">Comitetul de stat pentru energia nucleara institutul de fizica atomica</subfield></datafield><datafield ind1=" " ind2=" " tag="260"><subfield code="a">Bucuresti, Artis, 1974 55 P</subfield></datafield><datafield ind1=" " ind2=" " tag="852"><subfield code="a">40663</subfield></datafield></record></collection>